% Cancer second leading cause of death
@article{bray2018globalCancerStats,
  title={Global cancer statistics 2018: GLOBOCAN estimates of incidence and mortality worldwide for 36 cancers in 185 countries},
  author={Bray, Freddie and Ferlay, Jacques and Soerjomataram, Isabelle and Siegel, Rebecca L and Torre, Lindsey A and Jemal, Ahmedin},
  journal={CA: a cancer journal for clinicians},
  volume={68},
  number={6},
  pages={394--424},
  year={2018},
  publisher={Wiley Online Library}
}

% very nice compendium on driver genes
@article{martinez2020compendiumDriverGenes,
  title={A compendium of mutational cancer driver genes},
  author={Mart{\'\i}nez-Jim{\'e}nez, Francisco and Mui{\~n}os, Ferran and Sent{\'\i}s, In{\'e}s and Deu-Pons, Jordi and Reyes-Salazar, Iker and Arnedo-Pac, Claudia and Mularoni, Loris and Pich, Oriol and Bonet, Jose and Kranas, Hanna and others},
  journal={Nature Reviews Cancer},
  volume={20},
  number={10},
  pages={555--572},
  year={2020},
  publisher={Nature Publishing Group}
}

% 
@article{essentialsOfCellLive,
  title={Essentials of cell biology},
  author={Oâ€™Connor, Clare M and Adams, Jill U and Fairman, Jennifer},
  journal={Cambridge, MA: NPG Education},
  volume={1},
  pages={54},
  year={2010}
}
